<record><leader>00000cas a2200000 a 4500</leader><controlfield tag="001">13029572</controlfield><controlfield tag="008">860116d18571898nyudn ne      0    0eng c</controlfield><datafield ind1=" " ind2=" " tag="010"><subfield code="a">sn 86053041 </subfield></datafield><datafield ind1=" " ind2=" " tag="040"><subfield code="a">NPX</subfield><subfield code="b">eng</subfield><subfield code="c">NPX</subfield><subfield code="d">NYS</subfield><subfield code="d">NYG</subfield><subfield code="d">NYS</subfield><subfield code="d">NYG</subfield><subfield code="d">NYS</subfield><subfield code="d">NYG</subfield><subfield code="d">OCL</subfield><subfield code="d">NYG</subfield><subfield code="d">NYS</subfield><subfield code="d">CVF</subfield><subfield code="d">OCL</subfield><subfield code="d">NYS</subfield><subfield code="d">DLC</subfield><subfield code="d">OCLCQ</subfield><subfield code="d">OCLCF</subfield></datafield><datafield ind1=" " ind2=" " tag="012"><subfield code="b">3</subfield></datafield><datafield ind1=" " ind2=" " tag="019"><subfield code="a">18936882</subfield></datafield><datafield ind1=" " ind2=" " tag="042"><subfield code="a">pcc</subfield></datafield><datafield ind1=" " ind2=" " tag="043"><subfield code="a">n-us-ny</subfield></datafield><datafield ind1="0" ind2="0" tag="050"><subfield code="a">Newspaper</subfield></datafield><datafield ind1="0" ind2=" " tag="130"><subfield code="a">Albany morning express (Albany, N.Y. : 1857)</subfield></datafield><datafield ind1="1" ind2="0" tag="245"><subfield code="a">Albany morning express.</subfield></datafield><datafield ind1="1" ind2="3" tag="246"><subfield code="a">Albany express</subfield></datafield><datafield ind1="1" ind2="3" tag="246"><subfield code="a">Morning express</subfield></datafield><datafield ind1="1" ind2=" " tag="246"><subfield code="i">Sunday ed. published with title:</subfield><subfield code="a">Sunday express</subfield><subfield code="f">&lt;1885&gt;</subfield></datafield><datafield ind1="1" ind2=" " tag="246"><subfield code="i">Sunday ed. published with title:</subfield><subfield code="a">Albany Sunday express</subfield><subfield code="f">&lt;1889&gt;</subfield></datafield><datafield ind1=" " ind2=" " tag="260"><subfield code="a">Albany [N.Y.] :</subfield><subfield code="b">Stone &amp; Henly,</subfield><subfield code="c">1857-</subfield></datafield><datafield ind1=" " ind2=" " tag="300"><subfield code="a">v.</subfield></datafield><datafield ind1=" " ind2=" " tag="310"><subfield code="a">Daily,</subfield><subfield code="b">&lt;1885-1895&gt;</subfield></datafield><datafield ind1=" " ind2=" " tag="321"><subfield code="a">Daily (except Sunday),</subfield><subfield code="b">1857-&lt;1878&gt;</subfield></datafield><datafield ind1="0" ind2=" " tag="362"><subfield code="a">Vol. 10, no. 1 (May 4, 1857)-</subfield></datafield><datafield ind1="1" ind2=" " tag="362"><subfield code="a">Ceased in Dec. 1898.</subfield><subfield code="z">Cf. Gregory, W. Amer. newspapers.</subfield></datafield><datafield ind1=" " ind2=" " tag="500"><subfield code="a">"Morning" appears within title ornament, &lt;1871-1876&gt;.</subfield></datafield><datafield ind1=" " ind2=" " tag="500"><subfield code="a">Editors: Jacob C. Cuyler, &lt;1859-1876&gt;; Addison A. Keyes, &lt;1871-1876&gt;.</subfield></datafield><datafield ind1=" " ind2=" " tag="500"><subfield code="a">Has companion volume "Carriers' address of the Albany morning express" published on New Years day.</subfield></datafield><datafield ind1=" " ind2=" " tag="515"><subfield code="a">Continues the numbering of: Albany morning express (Albany, N.Y. : 1847).</subfield></datafield><datafield ind1=" " ind2=" " tag="580"><subfield code="a">Weekly eds: Albany weekly express (Albany, N.Y. : 1881); and Albany weekly express (Albany, N.Y. : 1887).</subfield></datafield><datafield ind1=" " ind2="0" tag="651"><subfield code="a">Albany (N.Y.)</subfield><subfield code="v">Newspapers.</subfield></datafield><datafield ind1=" " ind2="0" tag="651"><subfield code="a">Albany County (N.Y.)</subfield><subfield code="v">Newspapers.</subfield></datafield><datafield ind1=" " ind2="7" tag="655"><subfield code="a">Newspapers.</subfield><subfield code="2">fast</subfield><subfield code="0">(OCoLC)fst01423814</subfield></datafield><datafield ind1=" " ind2="7" tag="651"><subfield code="a">New York (State)</subfield><subfield code="z">Albany.</subfield><subfield code="2">fast</subfield><subfield code="0">(OCoLC)fst01225716</subfield></datafield><datafield ind1=" " ind2="7" tag="651"><subfield code="a">New York (State)</subfield><subfield code="z">Albany County.</subfield><subfield code="2">fast</subfield><subfield code="0">(OCoLC)fst01210357</subfield></datafield><datafield ind1=" " ind2=" " tag="752"><subfield code="a">United States</subfield><subfield code="b">New York</subfield><subfield code="c">Albany</subfield><subfield code="d">Albany.</subfield></datafield><datafield ind1="1" ind2=" " tag="775"><subfield code="t">Albany weekly express (Albany, N.Y. : 1881)</subfield><subfield code="w">(DLC)sn 89071367</subfield><subfield code="w">(OCoLC)20175833</subfield></datafield><datafield ind1="1" ind2=" " tag="775"><subfield code="t">Albany weekly express (Albany, N.Y. : 1887)</subfield><subfield code="w">(DLC)sn 89071366</subfield><subfield code="w">(OCoLC)20175834</subfield></datafield><datafield ind1="0" ind2="7" tag="785"><subfield code="t">Daily press and Knickerbocker (Albany, N.Y. : 1879)</subfield><subfield code="w">(DLC)sn 88074124</subfield><subfield code="w">(OCoLC)17398641</subfield></datafield><datafield ind1="0" ind2="7" tag="785"><subfield code="t">Daily press-Knickerbocker, Albany morning express</subfield><subfield code="w">(DLC)sn 88074205</subfield><subfield code="w">(OCoLC)18170625</subfield></datafield><datafield ind1="0" ind2=" " tag="787"><subfield code="t">Carriers' address of the Albany morning express</subfield><subfield code="w">(DLC)sn 92035521</subfield><subfield code="w">(OCoLC)26594684</subfield></datafield></record>